
@book{ABOP1990,
	address = {New York},
	series = {The {Virtual} laboratory},
	title = {The {Algorithmic} {Beauty} of {Plants}},
	isbn = {978-0-387-97297-8 978-3-540-97297-6},
	publisher = {Springer-Verlag},
	author = {Prusinkiewicz, Przemyslaw and Lindenmayer, Aristid},
	year = {1990},
	keywords = {Computer graphics, Development Computer simulation, Development Mathematical models, L systems, Plants},
}

@misc{ChatGPT,
	title = {{ChatGPT}},
	author = {OpenAI},
	year = {2023},
	url = {https://chat.openai.com},
	abstract = {A conversational AI system that listens, learns, and challenges},
	language = {en-US},
	urldate = {2023-04-22},
	file = {Snapshot:/Users/jacobhoopes/Zotero/storage/ZEN3IPSN/chat.openai.com.html:text/html},
}

@article{OG1967,
	title = {Mathematical {Models} for {Cellular} {Interactions} in {Development} {II}. {Simple} and {Branching} {Filaments} with {Two}-sided {Inputs}},
	journal = {Journal of Theoretical Biology},
	author = {Lindenmayer, Aristid},
	month = aug,
	year = {1967},
}

@article{theory2004,
	title = {A {Theory} of {Animation}: {Cells}, {L}-{Systems}, and {Film}},
	journal = {Grey Room},
	author = {Kelty, Christopher and Landecker, Hannah},
	year = {2004},
}

@article{NYT2023,
	chapter = {Books},
	title = {Peering {Into} the {Future} of {Novels}, {With} {Trained} {Machines} {Ready}},
	issn = {0362-4331},
	url = {https://www.nytimes.com/2023/04/20/books/ai-novels-stephen-marche.html},
	abstract = {Who wrote it, the novelist or the technology? How about both? Stephen Marche experiments with teaching artificial intelligence to write with him, not for him.},
	language = {en-US},
	urldate = {2023-04-22},
	journal = {The New York Times},
	author = {Harris, Elizabeth A.},
	month = apr,
	year = {2023},
	keywords = {Artificial Intelligence, Ballerini, Edoardo, Books and Literature, ChatGPT, Death of an Author (Book), emergingtech, genre-books-audiobooks, Marche, Stephen, Pushkin Industries, Weisberg, Jacob, Writing and Writers},
	file = {Snapshot:/Users/jacobhoopes/Zotero/storage/HKZJP9JH/ai-novels-stephen-marche.html:text/html},
}

@misc{codingTrain,
	title = {The {Coding} {Train} - {YouTube}},
	author = {Coding Train},
	year = {2023},
	url = {https://www.youtube.com/},
	abstract = {Enjoy the videos and music you love, upload original content, and share it all with friends, family, and the world on YouTube.},
	language = {en},
	urldate = {2023-04-22},
	file = {Snapshot:/Users/jacobhoopes/Zotero/storage/8BDYGZEH/@TheCodingTrain.html:text/html},
}

@book{LSystems2001,
	title = {L-systems: from the {Theory} to {Visual} {Models} of {Plants}},
	author = {Prusinkiewicz, Przemyslaw and Hanan, Jim and Hammel, Mark and Mech, Radomír},
	year = {2001},
	publisher = {Springer-Verlag}
}

@phdthesis{Leopold2017,
	title = {Algorithmische {Botanik} durch {Lindenmayer} {Systeme} in {Blender}},
	author = {Leopold, Nikole},
	year = {2017},
	type = {Graduate Thesis},
	school = {Technischen Universität Wien}
}

@article{GameOfLife1970,
	title = {The fantastic combinations of {John} {Conway}’s new solitaire game “life” by {Martin} {Gardner}},
	volume = {223},
	journal = {Scientific American},
	author = {Games, Mathematical},
	year = {1970},
	pages = {120--123},
}

@misc{FightClubVid,
	title = {Fight {Club} {Opening} {Sequence}},
	url = {https://www.youtube.com/watch?v=Ze9-wg9k7AU},
	urldate = {2023-04-22},
	author = {{CHmjoo}},
	month = jan,
	year = {2012},
}

@misc{FightClub1999,
	title = {Fight {Club}},
	publisher = {20th Century Fox},
	author = {Fincher, David},
	year = {1999},
}

@book{Blender2018,
	address = {Stichting Blender Foundation, Amsterdam},
	title = {Blender - a {3D} modelling and rendering package},
	url = {http://www.blender.org},
	publisher = {Blender Foundation},
	author = {Community, Blender Online},
	year = {2018},
}

@article{ZeroKnowledge1989,
	title = {The {Knowledge} {Complexity} of {Interactive} {Proof} {Systems}},
	journal = {Society for Industrial and Applied Mathematics},
	author = {Goldwasser, Shafi and Micali, Silvio and Rackoff, Charles},
	year = {1989},
}

@book{wolfram2002,
	title = {A {New} {Kind} of {Science}},
	isbn = {1-57955-008-8},
	url = {https://www.wolframscience.com},
	language = {English},
	publisher = {Wolfram Media},
	author = {Wolfram, Stephen},
	year = {2002},
}

@book{processing2014,
	address = {Cambridge, Massachusetts},
	edition = {Second edition},
	title = {Processing: a programming handbook for visual designers and artists},
	isbn = {978-0-262-02828-8},
	shorttitle = {Processing},
	publisher = {The MIT Press},
	author = {Reas, Casey and Fry, Ben},
	year = {2014},
	keywords = {Computer graphics, Art, Art and technology, Computer art, Computer programming, Computer programs, Data processing},
	annote = {Includes index},
}

@misc{reddit2023,
	title = {r/generative},
	author = {Community, Reddit},
	year = {2023},
	url = {https://www.reddit.com/r/generative/wiki/index/},
	abstract = {r/generative: Generative art refers to art that in whole or in part has been created with the use of an autonomous system. This subreddit is for …},
	language = {en-US},
	urldate = {2023-04-22},
	journal = {reddit},
	file = {Snapshot:/Users/jacobhoopes/Zotero/storage/HZ8CHG24/index.html:text/html},
}

@article{turing1950,
	title = {Computing {Machinery} and {Intelligence}},
	volume = {59},
	issn = {00264423, 14602113},
	url = {http://www.jstor.org/stable/2251299},
	number = {236},
	journal = {Mind},
	author = {Turing, A. M.},
	year = {1950},
	note = {Publisher: [Oxford University Press, Mind Association]},
	pages = {433--460},
}

@article{turing1936,
	title = {On {Computable} {Numbers}, with an {Application} to the {Entscheidungsproblem}},
	volume = {2},
	url = {http://www.cs.helsinki.fi/u/gionis/cc05/OnComputableNumbers.pdf},
	number = {42},
	journal = {Proceedings of the London Mathematical Society},
	author = {Turing, Alan M.},
	year = {1936},
	keywords = {halting},
	pages = {230--265},
	annote = {Turing's famous demonstration of the formal limits on computation based on a proof that the {\textbackslash}em halting problem is undecidable.},
}

@misc{openSCAD,
	title = {{OpenSCAD}},
	author = {Marius Kintel},
	year = {2023},
	url = {https://openscad.org},
	language = {en},
	urldate = {2023-04-22},
	file = {Snapshot:/Users/jacobhoopes/Zotero/storage/L4RY2N9U/index.html:text/html},
}

@misc{shrek2001,
	title = {Shrek},
	publisher = {Dreamworks Studio},
	author = {Adamson, Andrew and Vicky Jenson},
	year = {2001},
}

@misc{manyPapers,
	title = {(99+) {Academia}.edu {\textbar} {Search} {\textbar} {L}-{Systems}},
	author = {none},
	year = {2023},
	url = {https://www.academia.edu/search?q=L-Systems},
	urldate = {2023-04-22},
	file = {(99+) Academia.edu | Search | L-Systems:/Users/jacobhoopes/Zotero/storage/8NG3ZANL/search.html:text/html},
}
